<?xml version="1.0" encoding="UTF-8"?>
<record xmlns="http://www.loc.gov/MARC21/slim" xmlns:xsi="http://www.w3.org/2001/XMLSchema-instance" xsi:schemaLocation="http://www.loc.gov/MARC21/slim http://www.loc.gov/standards/marcxml/schema/MARC21slim.xsd">
<leader>00000cam a22      i 4500</leader>
<controlfield tag="001">001682174</controlfield>
<controlfield tag="003">NNU</controlfield>
<controlfield tag="005">20160120173412.0</controlfield>
<controlfield tag="008">931013s1942    ua            000 0 ara d</controlfield>
<datafield tag="035" ind1=" " ind2=" ">
<subfield code="a">(OCoLC)29298941</subfield>
</datafield>
<datafield tag="040" ind1=" " ind2=" ">
<subfield code="a">RBN</subfield>
<subfield code="b">eng</subfield>
<subfield code="c">RBN</subfield>
<subfield code="d">OCLCQ</subfield>
<subfield code="d">NNU</subfield>
</datafield>
<datafield tag="043" ind1=" " ind2=" ">
<subfield code="a">ma-----</subfield>
</datafield>
<datafield tag="050" ind1=" " ind2="4">
<subfield code="a">R134</subfield>
<subfield code="b">.A45 1942</subfield>
</datafield>
<datafield tag="100" ind1="0" ind2=" ">
<subfield code="6">880-01</subfield>
<subfield code="a">Aḥmad ʻĪsá.</subfield>
</datafield>
<datafield tag="245" ind1="1" ind2="0">
<subfield code="6">880-02</subfield>
<subfield code="a">Muʻjam al-aṭibbāʼ :</subfield>
<subfield code="b">min sanat 650 H. ilá yawminā hādhā : dhayl ʻUyūn al-anbāʼ fī ṭabaqāt al-aṭibbāʼ li-Ibn Abī Uṣaybiʻah /</subfield>
<subfield code="c">taʼlīf Aḥmad ʻĪsá.</subfield>
</datafield>
<datafield tag="250" ind1=" " ind2=" ">
<subfield code="6">880-03</subfield>
<subfield code="a">al-Ṭabʻah 1.</subfield>
</datafield>
<datafield tag="260" ind1=" " ind2=" ">
<subfield code="6">880-04</subfield>
<subfield code="a">Miṣr :</subfield>
<subfield code="b">Maṭbaʻat Fatḥ Allāh Ilyās Nūrī,</subfield>
<subfield code="c">1942.</subfield>
</datafield>
<datafield tag="300" ind1=" " ind2=" ">
<subfield code="a">527 pages ;</subfield>
<subfield code="c">23 cm.</subfield>
</datafield>
<datafield tag="336" ind1=" " ind2=" ">
<subfield code="a">text</subfield>
<subfield code="b">txt</subfield>
<subfield code="2">rdacontent</subfield>
</datafield>
<datafield tag="337" ind1=" " ind2=" ">
<subfield code="a">unmediated</subfield>
<subfield code="b">n</subfield>
<subfield code="2">rdamedia</subfield>
</datafield>
<datafield tag="338" ind1=" " ind2=" ">
<subfield code="a">volume</subfield>
<subfield code="b">nc</subfield>
<subfield code="2">rdacarrier</subfield>
</datafield>
<datafield tag="490" ind1="1" ind2=" ">
<subfield code="6">880-05</subfield>
<subfield code="a">al-Muʼallif / Jāmiʻat Fuʼād al-Awwal, Kullīyat al-Ṭibb ;</subfield>
<subfield code="v">raqm 18</subfield>
</datafield>
<datafield tag="500" ind1=" " ind2=" ">
<subfield code="a">Author's autograph presentation copy.</subfield>
</datafield>
<datafield tag="500" ind1=" " ind2=" ">
<subfield code="a">At head of title: Jāmiʻat Fuʼād al-Awwal, Kullīyat al-Ṭibb.</subfield>
</datafield>
<datafield tag="650" ind1=" " ind2="0">
<subfield code="a">Physicians</subfield>
<subfield code="z">Arab countries.</subfield>
</datafield>
<datafield tag="880" ind1="0" ind2=" ">
<subfield code="6">100-01/</subfield>
<subfield code="a">احمد عيسى.</subfield>
</datafield>
<datafield tag="880" ind1="1" ind2="0">
<subfield code="6">245-02/</subfield>
<subfield code="a">معجم الاطباء :</subfield>
<subfield code="b">من سنة 650 ه. الى يومنا هذا : ذيل عيون الانباء في طبقات الاطباء لاابن ابي اصيبعة /</subfield>
<subfield code="c">تأليف احمد عيسى.</subfield>
</datafield>
<datafield tag="880" ind1=" " ind2=" ">
<subfield code="6">250-03/</subfield>
<subfield code="a">الطبعة 1.</subfield>
</datafield>
<datafield tag="880" ind1=" " ind2=" ">
<subfield code="6">260-04/</subfield>
<subfield code="a">مصر :</subfield>
<subfield code="b">مطبعة فتح الله الياس نوري،</subfield>
<subfield code="c">1942.</subfield>
</datafield>
<datafield tag="880" ind1="1" ind2=" ">
<subfield code="6">490-05/</subfield>
<subfield code="a">المؤلف / جامعة فؤاد الاول، كلية الطب ؛</subfield>
<subfield code="v">رقم 18</subfield>
</datafield>
<datafield tag="830" ind1=" " ind2="0">
<subfield code="6">880-06</subfield>
<subfield code="a">al-Muʼallif / Jāmiʻat Fuʼād al-Awwal, Kullīyat al-Ṭibb ;</subfield>
<subfield code="v">raqm 18</subfield>
</datafield>
<datafield tag="880" ind1=" " ind2="0">
<subfield code="6">830-06/</subfield>
<subfield code="a">المؤلف / جامعة فؤاد الاول، كلية الطب ;</subfield>
<subfield code="v">رقم 18</subfield>
</datafield>
<datafield tag="OWN" ind1=" " ind2=" ">
<subfield code="a">GENERAL</subfield>
</datafield>
<datafield tag="AVA" ind1=" " ind2=" ">
<subfield code="a">NYU50</subfield>
<subfield code="b">BOBST</subfield>
<subfield code="c">Main Collection</subfield>
<subfield code="d">R134 .A45</subfield>
<subfield code="e">unavailable</subfield>
<subfield code="t">Unavailable</subfield>
<subfield code="f">1</subfield>
<subfield code="g">1</subfield>
<subfield code="h">N</subfield>
<subfield code="i">1</subfield>
<subfield code="j">MAIN</subfield>
<subfield code="k">0</subfield>
</datafield>
</record>
